@misc{abdallahdang2022neuromorphic,
  title={Neuromorphic computing principles and organization},
  author={Abdallah, Abderazek Ben and Dang, Khanh N},
  year={2022},
  publisher={Springer Nature}
}

@ARTICLE{Deb2014NSGA2,
  author={Deb, K. and Pratap, A. and Agarwal, S. and Meyarivan, T.},
  journal={IEEE Transactions on Evolutionary Computation}, 
  title={A fast and elitist multiobjective genetic algorithm: NSGA-II}, 
  year={2002},
  volume={6},
  number={2},
  pages={182-197},
  doi={10.1109/4235.996017}}
  
  @ARTICLE{Yuksel2022MoRS,
  author={Yüksel, İsmail Emir and Salami, Behzad and Ergin, Oğuz and Unsal, Osman Sabri and Kestelman, Adrián Cristal},
  journal={IEEE Transactions on Computer-Aided Design of Integrated Circuits and Systems}, 
  title={MoRS: An Approximate Fault Modeling Framework for Reduced-Voltage SRAMs}, 
  year={2022},
  volume={41},
  number={6},
  pages={1663-1673},
  doi={10.1109/TCAD.2021.3120073}}

